<?xml version="1.0" encoding="UTF-8" ?>
<collection xmlns:xsi="http://www.w3.org/2001/XMLSchema-instance" xsi:schemaLocation="http://www.loc.gov/MARC21/slim http://www.loc.gov/standards/marcxml/schema/MARC21slim.xsd" xmlns="http://www.loc.gov/MARC21/slim">
   <record>
      <leader>     cam a22        4500</leader>
      <controlfield tag="001">3758355</controlfield>
      <controlfield tag="003">NIC</controlfield>
      <controlfield tag="005">20141222220745.0</controlfield>
      <controlfield tag="008">931103s1970    iq ac    b    000 0 arar </controlfield>
      <datafield tag="010" ind1=" " ind2=" ">
         <subfield code="a">   71962197 /NE </subfield>
      </datafield>
      <datafield tag="035" ind1=" " ind2=" ">
         <subfield code="a">(NIC)notisASX6654</subfield>
      </datafield>
      <datafield tag="035" ind1=" " ind2=" ">
         <subfield code="a">(OCoLC)23498006</subfield>
      </datafield>
      <datafield tag="035" ind1=" " ind2=" ">
         <subfield code="a">3758355</subfield>
      </datafield>
      <datafield tag="040" ind1=" " ind2=" ">
         <subfield code="a">DLC</subfield>
         <subfield code="c">CUY</subfield>
         <subfield code="d">CUY</subfield>
         <subfield code="d">OCL</subfield>
         <subfield code="d">NIC</subfield>
      </datafield>
      <datafield tag="050" ind1="0" ind2=" ">
         <subfield code="a">DT295</subfield>
         <subfield code="b">.A636</subfield>
      </datafield>
      <datafield tag="100" ind1="1" ind2=" ">
         <subfield code="a">Ālūsī, Jamāl al-Dīn.</subfield>
      </datafield>
      <datafield tag="245" ind1="1" ind2="3">
         <subfield code="a">al-Jazāʾir balad al-malyūn shahīd /</subfield>
         <subfield code="c">taʾlīf Jamāl al-Dīn al-Ālūsī.</subfield>
      </datafield>
      <datafield tag="260" ind1=" " ind2=" ">
         <subfield code="a">[Baghdād] :</subfield>
         <subfield code="b">Mudīrīyat al-Iʻlām alʻĀmmah,</subfield>
         <subfield code="c">1970.</subfield>
      </datafield>
      <datafield tag="300" ind1=" " ind2=" ">
         <subfield code="a">333 p. :</subfield>
         <subfield code="b">illus., port. ;</subfield>
         <subfield code="c">21 cm.</subfield>
      </datafield>
      <datafield tag="490" ind1="1" ind2=" ">
         <subfield code="a">Silsilah al-iʻlāmīyah ;</subfield>
         <subfield code="v">12</subfield>
      </datafield>
      <datafield tag="504" ind1=" " ind2=" ">
         <subfield code="a">Bibliography: p. 308-310.</subfield>
      </datafield>
      <datafield tag="651" ind1=" " ind2="0">
         <subfield code="a">Algeria</subfield>
         <subfield code="x">History</subfield>
         <subfield code="y">1830-1962.</subfield>
      </datafield>
      <datafield tag="648" ind1=" " ind2="7">
         <subfield code="a">1830 - 1962</subfield>
         <subfield code="2">fast</subfield>
      </datafield>
      <datafield tag="651" ind1=" " ind2="7">
         <subfield code="a">Algeria</subfield>
         <subfield code="2">fast</subfield>
         <subfield code="0">(OCoLC)fst01205459</subfield>
      </datafield>
      <datafield tag="830" ind1=" " ind2="0">
         <subfield code="a">Silsilah al-iʻlāmīyah ;</subfield>
         <subfield code="v">12.</subfield>
      </datafield>
      <datafield tag="905" ind1=" " ind2=" ">
         <subfield code="a">20000216120000.0</subfield>
      </datafield>
      <datafield tag="948" ind1="2" ind2=" ">
         <subfield code="a">20121023</subfield>
         <subfield code="b">m</subfield>
         <subfield code="d">batch</subfield>
         <subfield code="e">lts</subfield>
         <subfield code="x">remove999</subfield>
      </datafield>
      <datafield tag="948" ind1="2" ind2=" ">
         <subfield code="a">20141222</subfield>
         <subfield code="b">m</subfield>
         <subfield code="d">batch</subfield>
         <subfield code="e">lts</subfield>
         <subfield code="x">addfast</subfield>
      </datafield>
      <datafield tag="950" ind1=" " ind2=" ">
         <subfield code="l">OLIN</subfield>
         <subfield code="x">9999</subfield>
         <subfield code="a">DT295</subfield>
         <subfield code="b">.A47</subfield>
      </datafield>
      <datafield tag="903" ind1=" " ind2=" ">
         <subfield code="a">NYUACO</subfield>
         <subfield code="d">20150423</subfield>
         <subfield code="p">31924028579815</subfield>
      </datafield>
      <datafield tag="950" ind1=" " ind2=" ">
         <subfield code="a">DT295</subfield>
         <subfield code="b">.A47</subfield>
         <subfield code="v"> </subfield>
      </datafield>
   </record>
</collection>
